:20:STARTUMS
:25:myaccount
:28C:1
:60F:C251230EUR1930,94
:61:2512301230CR185,00NTRF2025123013411531000
:86:051?00Gutschrift?10166?20SVWZ+Test 01 7495226405039194392?21SVWZ+2026?22EREF+NOTPROVIDED?23KREF+2025123013411531000?30SPKHDE2HXXX?31IBAN-Test0000000000001?32Person
:62F:C251230EUR2115,94
-
:20:STARTUMS
:25:myaccount
:28C:1
:60F:C251230EUR2115,94
:61:2512311230DR33,31NTRF2025123021432345000
:86:020?00Abschluss?10805?20SVWZ+Test 02 2039520329382025?21KREF+2025123021432345000
:62F:C251230EUR2082,63
-
:20:STARTUMS
:25:myaccount
:28C:1
:60F:C251230EUR2082,63
:61:2512311230DR30,00NTRF2025123021562747000
:86:020?00Abschluss?10805?20SVWZ+Test 03 7839020384758035?21KREF+2025123021562747000?31IBAN-Test0000000000003?32Person
:62F:C251230EUR2052,63
-
:20:STARTUMS
:25:myaccount
:28C:1
:60F:C260102EUR2052,63
:61:2512310102CR964,75NTRF2025123112361797000
:86:051?00Gutschrift?10166?20SVWZ+Test 04 7365830384875874738?21SVWZ+9021499382?22EREF+YYW1247487870420?23KREF+2025123112361797000?30PPLXLUL2?31IBAN-Test0000000000004?32Person
:62F:C260102EUR3017,38
-
:20:STARTUMS
:25:myaccount
:28C:1
:60F:C260102EUR3017,38
:61:2512310102CR30,00NTRF2025123112361798000
:86:051?00Gutschrift?10166?20SVWZ+Test 05 2374687303?21EREF+NOTPROVIDED?22KREF+2025123112361798000?30SPKHDE2HXXX?31IBAN-Test0000000000005?32Person
:62F:C260102EUR3047,38
-
:20:STARTUMS
:25:myaccount
:28C:1
:60F:C260102EUR3047,38
:61:2512310102CR125,00NTRF2025123112361798001
:86:051?00Gutschrift?10166?20SVWZ+Test 06 3240182109329238475?21SVWZ+7382026?22EREF+NOTPROVIDED?23KREF+2025123112361798001?30SPKHDE2HXXX?31IBAN-Test0000000000006?32Person
:62F:C260102EUR3172,38
-
:20:STARTUMS
:25:myaccount
:28C:1
:60F:C260102EUR3172,38
:61:260102DR50,00NTRF2026010200595315000
:86:020?00Dauerauftrag?10117?20SVWZ+Test 07 79350029284293?21EREF+NOTPROVIDED?22KREF+2026010200595315000?30GENODED1DKD?31IBAN-Test0000000000007?32Person
:62F:C260102EUR3122,38
-
